@online{scrc2015,
  author = {Mohommad Reza Bonyadi and Samadhi Nallaperuma and Daniele Loiacono and Frank Neumann},
  title = "Simulated Car Racing Championship 2015",
  howpublished = {\url{http://cs.adelaide.edu.au/~optlog/SCR2015/index.html}},
  note = "Last visited 2017-08-05"
}

@online{soprotobuf,
  author = "piaoxu",
  title = "Several shared object using same proto leading the the error: file already exists in database",
  howpublished = {\url{https://stackoverflow.com/questions/37051635/several-shared-object-using-same-proto-leading-the-the-error-file-already-exist/}},
  note = "Last visited 2017-08-06"
}
